@misc{who2021cvd,
  author = {World Health Organization},
  title = {Cardiovascular diseases (CVDs)},
  year = {2021},
  url = {https://www.who.int/cardiovascular_diseases},
  note = {Accessed: 2025-04-03},
}

@article{raisi2020cmr,
  author = {Raisi-Estabragh, Z. and Izquierdo, C. and Campello, V. M. and
            Martin-Isla, C. and Jaggi, A. and Harvey, N. C. and Lekadir, K. and
            Petersen, S. E.},
  title = {Cardiac Magnetic Resonance Radiomics: Basic Principles and Clinical
           Perspectives},
  journal = {European Heart Journal - Cardiovascular Imaging},
  volume = {21},
  number = {4},
  pages = {349--356},
  year = {2020},
  doi = {10.1093/ehjci/jeaa028},
}

@article{lambin2017radiomics,
  author = {Lambin, Philippe and Leijenaar, Rianne T. H. and Deist, Thomas M.
            and Peerlings, Jef and de Jong, Edwin E. C. and van Timmeren, Justin
            and Sanduleanu, Silvia and Larue, Romain T. H. M. and Even, Alexander
            J. G. and Jochems, Aniek and van Wijk, Yvonne and Woodruff, Henry and
            van Soest, Jesse and Lustberg, Tessa and Roelofs, Erik and van Elmpt,
            Wouter and Dekker, Andre and Mottaghy, Felix M. and Wildberger,
            Joachim E. and Walsh, Sean},
  title = {Radiomics: the bridge between medical imaging and personalized
           medicine},
  journal = {Nature Reviews Clinical Oncology},
  year = {2017},
  volume = {14},
  number = {12},
  pages = {749--762},
  month = dec,
  doi = {10.1038/nrclinonc.2017.141},
  pmid = {28975929},
  note = {Epub 2017 Oct 4},
}

@article{gillies2016radiomics,
  author = {Gillies, R. J. and Kinahan, P. E. and Hricak, H.},
  title = {Radiomics: Images Are More Than Pictures, They Are Data},
  journal = {Radiology},
  volume = {278},
  number = {2},
  pages = {563--577},
  year = {2016},
  doi = {10.1148/radiol.2015151169},
}

@article{bernard2018deep,
  author = {O. Bernard and A. Lalande and C. Zotti and F. Cervenansky and et al.
            },
  title = {Deep Learning Techniques for Automatic MRI Cardiac Multi-structures
           Segmentation and Diagnosis: Is the Problem Solved?},
  journal = {IEEE Transactions on Medical Imaging},
  volume = {37},
  number = {11},
  pages = {2514--2525},
  year = {2018},
  doi = {10.1109/TMI.2018.2837502},
}

@misc{pyradiomics2024,
  author = {R. Van Griethuysen, J. F. S. et al.},
  title = {PyRadiomics: A Python-based Radiomics Library},
  year = {2024},
  url = {https://pyradiomics.readthedocs.io/en/latest/},
}


@article{vabalas2019,
  author = {Vabalas, Andrius and Gowen, Emma and Poliakoff, Ellen and Casson,
            Alexander J.},
  doi = {10.1371/journal.pone.0224365},
  journal = {PLOS ONE},
  keywords = {},
  number = {11},
  pages = {e0224365},
  title = {Machine learning algorithm validation with a limited sample size},
  url = {https://app.dimensions.ai/details/publication/pub.1122390471},
  volume = {14},
  year = {2019},
}

@article{wang2023,
  title = {A novel Multi-Level feature selection method for radiomics},
  journal = {Alexandria Engineering Journal},
  volume = {66},
  pages = {993-999},
  year = {2023},
  issn = {1110-0168},
  doi = {https://doi.org/10.1016/j.aej.2022.10.069},
  url = {https://www.sciencedirect.com/science/article/pii/S1110016822007268},
  author = {Ke Wang and Ying An and Jiancun Zhou and Yuehong Long and Xianlai
            Chen},
}

@book{fisher1936,
  author = {Fisher, R. A.},
  title = {The Use of Multiple Measurements in Taxonomic Problems},
  journal = {Annals of Eugenics},
  year = {1936},
  volume = {7},
  number = {2},
  pages = {179--188},
  publisher = {Wiley Online Library},
  doi = {10.1111/j.1469-1809.1936.tb02137.x},
}

@book{bishop2006pattern,
  title = {Pattern Recognition and Machine Learning},
  author = {Bishop, Christopher M.},
  year = {2006},
  publisher = {Springer},
  isbn = {978-0-387-31073-2},
  url = {https://www.springer.com/gp/book/9780387310732},
}

@article{breiman2001random,
  title = {Random Forests},
  author = {Breiman, Leo},
  journal = {Machine Learning},
  volume = {45},
  number = {1},
  pages = {5--32},
  year = {2001},
  publisher = {Springer},
  doi = {10.1023/A:1010933404324},
}

@article{cortes1995support,
  title = {Support-Vector Networks},
  author = {Cortes, Corinna and Vapnik, Vladimir},
  journal = {Machine Learning},
  volume = {20},
  number = {3},
  pages = {273--297},
  year = {1995},
  publisher = {Springer},
  doi = {10.1007/BF00994018},
}

@book{goodfellow2016deep,
  title = {Deep Learning},
  author = {Goodfellow, Ian and Bengio, Yoshua and Courville, Aaron},
  publisher = {MIT Press},
  year = {2016},
  url = {https://www.deeplearningbook.org/},
}
